@Book{xie2015,
  title = {Dynamic Documents with {R} and knitr},
  author = {Yihui Xie},
  publisher = {Chapman and Hall/CRC},
  address = {Boca Raton, Florida},
  year = {2015},
  edition = {2nd},
  note = {ISBN 978-1498716963},
  url = {http://yihui.org/knitr/},
}

@article{aly2018key,
  title={The key to a happy lab life is in the manual},
  author={Aly, Mariam},
  journal={Nature},
  volume={561},
  number={7721},
  pages={7--8},
  year={2018},
  publisher={Nature Publishing Group}
}